%% This BibTeX bibliography file was created using BibDesk.
%% http://bibdesk.sourceforge.net/


%% Created for Thomas Jackson at 2015-11-02 14:22:07 -0800 


%% Saved with string encoding Unicode (UTF-8) 



@unpublished{harpernotes,
	Author = {F. Harper},
	Date-Added = {2015-05-04 22:46:32 +0000},
	Date-Modified = {2015-05-04 22:49:54 +0000},
	Note = {{unpublished}},
	Title = {{WKB Berry Curvature}},
	Year = {2012}}

@article{Murthy:2011vi,
	Archiveprefix = {arXiv},
	Author = {Murthy, Ganpathy and Shankar, Ramamurti},
	Date-Added = {2015-04-27 02:29:03 +0000},
	Date-Modified = {2015-04-27 02:29:03 +0000},
	Eprint = {1108.5501},
	File = {{Composite Fermions for Fractionally Filled Chern Bands-Murthy 2011.pdf:/Users/tsj/Documents/Papers2/Murthy/Articles/Composite Fermions for Fractionally Filled Chern Bands-Murthy 2011.pdf:application/pdf}},
	Local-Url = {file://localhost/Users/tsj/Documents/Papers2/Murthy/Articles/Composite%20Fermions%20for%20Fractionally%20Filled%20Chern%20Bands-Murthy%202011.pdf},
	Month = aug,
	Rating = {0},
	Read = {Yes},
	Title = {{Composite Fermions for Fractionally Filled Chern Bands}},
	Uri = {\url{papers2://publication/uuid/142DB0D5-4831-49B3-AB3C-7A5625E072A1}},
	Url = {http://arxiv.org/abs/1108.5501},
	Year = {2011},
	Bdsk-File-1 = {YnBsaXN0MDDUAQIDBAUGJCVYJHZlcnNpb25YJG9iamVjdHNZJGFyY2hpdmVyVCR0b3ASAAGGoKgHCBMUFRYaIVUkbnVsbNMJCgsMDxJXTlMua2V5c1pOUy5vYmplY3RzViRjbGFzc6INDoACgAOiEBGABIAFgAdccmVsYXRpdmVQYXRoWWFsaWFzRGF0YV8QZy4uLy4uLy4uL1BhcGVyczIvTXVydGh5L0FydGljbGVzL0NvbXBvc2l0ZSBGZXJtaW9ucyBmb3IgRnJhY3Rpb25hbGx5IEZpbGxlZCBDaGVybiBCYW5kcy1NdXJ0aHkgMjAxMS5wZGbSFwsYGVdOUy5kYXRhTxECbgAAAAACbgACAAAMTWFjaW50b3NoIEhEAAAAAAAAAAAAAAAAAAAAz9PIVkgrAAAE2kB6H0NvbXBvc2l0ZSBGZXJtaW9ucyAjNERBNDA3Qi5wZGYAAAAAAAAAAAAAAAAAAAAAAAAAAAAAAAAAAAAAAAAAAATaQHvKk/ITAAAAAAAAAAAAAwAEAAAJIAAAAAAAAAAAAAAAAAAAAAhBcnRpY2xlcwAQAAgAAM/UKsYAAAARAAgAAMqUVIMAAAABABgE2kB6BNpAeQTZxasACTZ8AAk2ewACZvkAAgBeTWFjaW50b3NoIEhEOlVzZXJzOgB0c2o6AERvY3VtZW50czoAUGFwZXJzMjoATXVydGh5OgBBcnRpY2xlczoAQ29tcG9zaXRlIEZlcm1pb25zICM0REE0MDdCLnBkZgAOAI4ARgBDAG8AbQBwAG8AcwBpAHQAZQAgAEYAZQByAG0AaQBvAG4AcwAgAGYAbwByACAARgByAGEAYwB0AGkAbwBuAGEAbABsAHkAIABGAGkAbABsAGUAZAAgAEMAaABlAHIAbgAgAEIAYQBuAGQAcwAtAE0AdQByAHQAaAB5ACAAMgAwADEAMQAuAHAAZABmAA8AGgAMAE0AYQBjAGkAbgB0AG8AcwBoACAASABEABIAclVzZXJzL3Rzai9Eb2N1bWVudHMvUGFwZXJzMi9NdXJ0aHkvQXJ0aWNsZXMvQ29tcG9zaXRlIEZlcm1pb25zIGZvciBGcmFjdGlvbmFsbHkgRmlsbGVkIENoZXJuIEJhbmRzLU11cnRoeSAyMDExLnBkZgATAAEvAAAVAAIACv//AACABtIbHB0eWiRjbGFzc25hbWVYJGNsYXNzZXNdTlNNdXRhYmxlRGF0YaMdHyBWTlNEYXRhWE5TT2JqZWN00hscIiNcTlNEaWN0aW9uYXJ5oiIgXxAPTlNLZXllZEFyY2hpdmVy0SYnVHJvb3SAAQAIABEAGgAjAC0AMgA3AEAARgBNAFUAYABnAGoAbABuAHEAcwB1AHcAhACOAPgA/QEFA3cDeQN+A4kDkgOgA6QDqwO0A7kDxgPJA9sD3gPjAAAAAAAAAgEAAAAAAAAAKAAAAAAAAAAAAAAAAAAAA+U=},
	Bdsk-Url-1 = {http://arxiv.org/abs/1108.5501}}

@article{Jackson:tsinVXaa,
	Author = {Jackson, Thomas S and M{\"o}ller, Gunnar and Roy, Rahul},
	Date-Added = {2015-04-22 21:59:22 +0000},
	Date-Modified = {2015-11-02 22:21:56 +0000},
	Doi = {10.1038/NCOMMS9629},
	File = {{Geometric stability of topological lattice phases-Jackson 2014.pdf:/Users/tsj/Documents/Papers2/Jackson/Articles/Geometric stability of topological lattice phases-Jackson 2014.pdf:application/pdf}},
	Journal = {Nature Communications},
	Local-Url = {file://localhost/Users/tsj/Documents/Papers2/Jackson/Articles/Geometric%20stability%20of%20topological%20lattice%20phases-Jackson%202014.pdf},
	Month = nov,
	Pages = {8629},
	Rating = {0},
	Read = {Yes},
	Title = {{Geometric stability of topological lattice phases}},
	Uri = {\url{papers2://publication/uuid/4199027C-13E6-421B-BF64-981F25985F0C}},
	Url = {http://arxiv.org/abs/1408.0843},
	Volume = {6},
	Year = {2015},
	Bdsk-File-1 = {YnBsaXN0MDDUAQIDBAUGJCVYJHZlcnNpb25YJG9iamVjdHNZJGFyY2hpdmVyVCR0b3ASAAGGoKgHCBMUFRYaIVUkbnVsbNMJCgsMDxJXTlMua2V5c1pOUy5vYmplY3RzViRjbGFzc6INDoACgAOiEBGABIAFgAdccmVsYXRpdmVQYXRoWWFsaWFzRGF0YV8QZC4uLy4uLy4uL1BhcGVyczIvSmFja3Nvbi9BcnRpY2xlcy9HZW9tZXRyaWMgc3RhYmlsaXR5IG9mIHRvcG9sb2dpY2FsIGxhdHRpY2UgcGhhc2VzLUphY2tzb24gMjAxNC5wZGbSFwsYGVdOUy5kYXRhTxECZgAAAAACZgACAAAMTWFjaW50b3NoIEhEAAAAAAAAAAAAAAAAAAAAz9PIVkgrAAAE2d98H0dlb21ldHJpYyBzdGFiaWxpdHkjNEQ5REY3Ri5wZGYAAAAAAAAAAAAAAAAAAAAAAAAAAAAAAAAAAAAAAAAAAATZ33/QBsKfAAAAAAAAAAAAAwAEAAAJIAAAAAAAAAAAAAAAAAAAAAhBcnRpY2xlcwAQAAgAAM/UKsYAAAARAAgAANAHJQ8AAAABABgE2d98BNnfewTZxasACTZ8AAk2ewACZvkAAgBfTWFjaW50b3NoIEhEOlVzZXJzOgB0c2o6AERvY3VtZW50czoAUGFwZXJzMjoASmFja3NvbjoAQXJ0aWNsZXM6AEdlb21ldHJpYyBzdGFiaWxpdHkjNEQ5REY3Ri5wZGYAAA4AhgBCAEcAZQBvAG0AZQB0AHIAaQBjACAAcwB0AGEAYgBpAGwAaQB0AHkAIABvAGYAIAB0AG8AcABvAGwAbwBnAGkAYwBhAGwAIABsAGEAdAB0AGkAYwBlACAAcABoAGEAcwBlAHMALQBKAGEAYwBrAHMAbwBuACAAMgAwADEANAAuAHAAZABmAA8AGgAMAE0AYQBjAGkAbgB0AG8AcwBoACAASABEABIAb1VzZXJzL3Rzai9Eb2N1bWVudHMvUGFwZXJzMi9KYWNrc29uL0FydGljbGVzL0dlb21ldHJpYyBzdGFiaWxpdHkgb2YgdG9wb2xvZ2ljYWwgbGF0dGljZSBwaGFzZXMtSmFja3NvbiAyMDE0LnBkZgAAEwABLwAAFQACAAr//wAAgAbSGxwdHlokY2xhc3NuYW1lWCRjbGFzc2VzXU5TTXV0YWJsZURhdGGjHR8gVk5TRGF0YVhOU09iamVjdNIbHCIjXE5TRGljdGlvbmFyeaIiIF8QD05TS2V5ZWRBcmNoaXZlctEmJ1Ryb290gAEACAARABoAIwAtADIANwBAAEYATQBVAGAAZwBqAGwAbgBxAHMAdQB3AIQAjgD1APoBAgNsA24DcwN+A4cDlQOZA6ADqQOuA7sDvgPQA9MD2AAAAAAAAAIBAAAAAAAAACgAAAAAAAAAAAAAAAAAAAPa},
	Bdsk-Url-1 = {http://arxiv.org/abs/1408.0843}}

@article{gunnar-unpublished,
	Author = {M\"oller, Gunnar and Cooper, Nigel R.},
	Date-Added = {2015-04-22 21:41:47 +0000},
	Date-Modified = {2015-11-02 22:22:07 +0000},
	Doi = {10.1103/PhysRevLett.115.126401},
	Journal = {Phys. Rev. Lett.},
	Month = {September},
	Pages = {126401},
	Title = {{Fractional Chern Insulators in Harper-Hofstadter Bands with Higher Chern Number}},
	Volume = {115},
	Year = {2015}}

@unpublished{supplemental,
	Date-Added = {2015-04-17 17:42:49 +0000},
	Date-Modified = {2015-04-22 21:41:45 +0000},
	Note = {{See Supplemental Material for additional plots and details on the derivation of our theoretical results.}}}
